<?xml version="1.0" encoding="UTF-8"?><collection xmlns="http://www.loc.gov/MARC21/slim"><record><leader>00357nam--2200133-i-4500</leader><controlfield tag="001">000047180</controlfield><controlfield tag="002">20161230</controlfield><controlfield tag="005">20161230201046</controlfield><controlfield tag="008">060222s1000------------r-----000-0-eng-d</controlfield><datafield ind1=" " ind2=" " tag="080"><subfield code="a">530.145</subfield></datafield><datafield ind1=" " ind2=" " tag="100"><subfield code="a">Weinberg, Steven</subfield></datafield><datafield ind1=" " ind2=" " tag="245"><subfield code="a">The quantum theory of fields. vol.ii: modeern applications</subfield></datafield><datafield ind1=" " ind2=" " tag="260"><subfield code="a">Cambridge, Univ.Press, 1996, Xxi+489p</subfield></datafield><datafield ind1=" " ind2=" " tag="852"><subfield code="a">80799</subfield></datafield></record></collection>